@book{《城市污水厂处理设施设计计算（第三版）》,
  author = {刘振江 and 崔玉川},
  title = {城市污水厂处理设施设计计算},
  edition = {3},
  year = {2017},
  publisher = {化学工业出版社},
  address = {北京}
}

@book{《污水厂设计》,
  author = {张辰},
  title = {污水厂设计},
  year = {2010},
  publisher = {中国建筑工业出版社},
  address = {北京}
}

@book{《污水处理厂工艺设计手册》,
  author = {高俊发 and 王社平},
  title = {污水处理厂工艺设计手册},
  year = {2003},
  publisher = {化学工业出版社},
  address = {北京}
}

@book{《污水处理厂工艺设计手册（第二版）》,
  author = {王社平 and 高俊发},
  title = {污水处理厂工艺设计手册},
  edition = {2},
  year = {2011},
  publisher = {化学工业出版社},
  address = {北京}
}

@book{《第2册排水工程》,
  author = {全国勘察设计注册工程师公用设备专业管理委员会秘书处},
  title = {全国勘察设计注册公用设备工程师给水排水专业执业资格考试教材:2018版.第2册,排水工程},
  edition = {3},
  year = {2018},
  publisher = {中国建筑工业出版社},
  address = {北京},
  isbn = {978-7-112-21918-6}
}

@book{《污水处理构筑物设计与计算》,
  author = {韩洪军},
  title = {污水处理构筑物设计与计算},
  year = {2002},
  publisher = {哈尔滨工业大学出版社},
  address = {哈尔滨}
}



@standard{DB5123112016,
  title = {四川省岷江、沱江流域水污染物排放标准},
  institution = {中华人民共和国环境保护部},
  year = {2016},
  number = {DB51/2311-2016},
  address = {北京}
}

@standard{GB189182002,
  title = {城镇污水处理厂污染物排放标准},
  institution = {中华人民共和国国家环境保护局},
  year = {2002},
  number = {GB 18918-2002},
  address = {北京}
}

@standard{GB500142021,
  title = {室外排水设计标准},
  number = {GB 50014-2021},
  year = {2021},
  institution = {中华人民共和国住房和城乡建设部},
  address = {北京}
}

@standard{GB500152019,
  title = {建筑给水排水设计标准},
  number = {GB 50015-2019},
  year = {2019},
  institution = {中华人民共和国住房和城乡建设部},
  address = {北京}
}

@standard{HJ578-2010,
  title = {氧化沟活性污泥法污水处理工程技术规范},
  year = {2010},
  institution = {中华人民共和国环境保护部},
  number = {HJ 578-2010},
  address = {北京}
}

@standard{HJ2007-2010,
  title = {污水气浮处理工程技术规范},
  year = {2010},
  institution = {中华人民共和国环境保护部},
  number = {HJ 2007-2010},
  address = {北京}
}



@online{水力最优——《水力学》第六章,
    author = {百度文库},
    title = {水力最优——《水力学》第六章},
    year = {2022},
    url = {https://wenku.baidu.com/view/538371aabad528ea81c758f5f61fb7360b4c2ba6.html?_wkts_=1684737868438},
    urldate = {2023-05-22},
}

@online{水泵最大安装高度如何计算,
    author = {真空网},
    title = {水泵最大安装高度如何计算，看完全明白了!},
    year = {2018},
    url = {https://zhuanlan.zhihu.com/p/48325411},
    urldate = {2023-05-24},
}

@online{QXG型潜水给水泵,
    author = {河北高通泵业有限公司},
    title = {QXG 型潜水给水泵},
    year = {2023},
    url = {http://www.zgmpump.com/hbgtpump-Products-9724784/},
    urldate = {2023-07-01},
}

