@phdthesis{phdthesis_example,
  author = {作者},
  title = {一项关于新方法的研究},
  school = {XYZ大学},
  year = {2022}
}

@article{article_example,
  author = {{作者1} and {作者2}},
  title = {一项综合性研究},
  journal = {XYZ期刊},
  year = {2021},
  volume = {10},
  number = {2},
  pages = {100-120}
}

@online{online_example,
  author = {John Smith},
  title = {LaTeX入门},
  howpublished = {网站},
  url = {https://www.example.com/latex-intro},
  urldate = {2023-06-23}
}

@standard{standard_example,
  organization = {国际标准化组织},
  title = {ISO 9001:2015质量管理体系--要求},
  number = {ISO 9001},
  year = {2015},
  address = {瑞士日内瓦}
}

@book{book_example,
  author = {John Smith},
  title = {编程艺术},
  publisher = {XYZ出版社},
  year = {2022}
}

@inproceedings{inproceedings_example,
  author = {{Jane Doe} and {John Smith}},
  title = {人工智能的进展},
  booktitle = {人工智能国际会议论文集},
  year = {2021},
  pages = {100-110}
}

@report{report_example,
  author = {John Doe},
  title = {气候变化研究报告},
  institution = {ABC研究机构},
  year = {2020}
}

@thesis{thesis_example,
  author = {Jane Smith},
  title = {可再生能源研究},
  type = {硕士学位论文},
  school = {XYZ大学},
  year = {2023}
}

@misc{misc_example,
  author = {John Doe},
  title = {个人交流},
  note = {私人对话},
  year = {2023}
}