@standard{HJ2.2-2018,
  title = {环境影响评价技术导则——大气环境},
  author = {中华人民共和国生态环境部},
  year = {2018},
  number = {HJ 2.2-2018},
  institution = {中华人民共和国生态环境部},
  address = {北京},
}

@standard{HJ819-2017,
  title = {排污单位自行监测技术指南 总则},
  author = {中华人民共和国环境保护部},
  year = {2017},
  number = {HJ 819-2017},
  institution = {中华人民共和国环境保护部},
  address = {北京},
}

@standard{HJ/T166-2004,
  title = {土壤环境监测技术规范},
  author = {中华人民共和国环境保护部},
  year = {2004},
  number = {HJ/T 166-2004},
  institution = {中华人民共和国环境保护部},
  address = {北京},
}

@standard{GB3096-2008,
  title = {声环境质量标准},
  author = {中华人民共和国环境保护部},
  year = {2008},
  number = {GB 3096-2008},
  institution = {中华人民共和国环境保护部},
  address = {北京},
}

@standard{HJ2.3-2018,
  title = {环境影响评价技术导则——地表水环境},
  author = {中华人民共和国生态环境部},
  year = {2018},
  number = {HJ 2.3-2018},
  institution = {中华人民共和国生态环境部},
  address = {北京},
}

@standard{HJ964-2018,
  title = {环境影响评价技术导则——土壤环境（试行）},
  author = {中华人民共和国生态环境部},
  year = {2018},
  number = {HJ 964-2018},
  institution = {中华人民共和国生态环境部},
  address = {北京},
}

@standard{HJ25.1-2019,
  title = {建设用地土壤污染状况调查技术导则},
  author = {中华人民共和国生态环境部},
  year = {2019},
  number = {HJ 25.1-2019},
  institution = {中华人民共和国生态环境部},
  address = {北京},
}

@standard{GB36600-2018,
  title = {土壤环境质量——建设用地土壤污染风险管控标准（试行）},
  author = {中华人民共和国生态环境部},
  year = {2018},
  number = {GB 36600-2018},
  institution = {中华人民共和国生态环境部},
  address = {北京},
}

@standard{HJ25.2-2019,
  title = {建设用地土壤污染风险管控和修复监测技术导则},
  author = {中华人民共和国生态环境部},
  year = {2019},
  number = {HJ 25.2-2019},
  institution = {中华人民共和国生态环境部},
  address = {北京},
}

@standard{GB3095-2012,
  title = {环境空气质量标准},
  author = {中华人民共和国环境保护部},
  year = {2012},
  number = {GB 3095-2012},
  institution = {中华人民共和国环境保护部},
  address = {北京},
}

@standard{GB3838-2002,
  title = {地表水环境质量标准},
  author = {国家环境保护总局},
  year = {2002},
  number = {GB 3838-2002},
  institution = {国家环境保护总局},
  address = {北京},
}


@online{成都气候特点,
  author = {成都市人民政府},
  title = {成都气候特点},
  year = {2023},
  url = {http://www.chengdu.gov.cn/chengdu/rscd/qhtj.shtml},
  urldate = {2023-06-02}
}
